<record><leader>00000cas a2200000 a 4500</leader><controlfield tag="001">2133541</controlfield><controlfield tag="008">760423d19691972couwr ne      0   a0eng c</controlfield><datafield ind1=" " ind2=" " tag="010"><subfield code="a">sn 94053325 </subfield></datafield><datafield ind1=" " ind2=" " tag="040"><subfield code="a">KSU</subfield><subfield code="b">eng</subfield><subfield code="c">KSU</subfield><subfield code="d">CNW</subfield><subfield code="d">EYM</subfield><subfield code="d">CVF</subfield><subfield code="d">NYS</subfield><subfield code="d">OCLCQ</subfield><subfield code="d">OCLCF</subfield><subfield code="d">OCLCO</subfield></datafield><datafield ind1=" " ind2=" " tag="012"><subfield code="i">9502</subfield></datafield><datafield ind1="1" ind2=" " tag="029"><subfield code="a">AU@</subfield><subfield code="b">000011308386</subfield></datafield><datafield ind1=" " ind2=" " tag="042"><subfield code="a">pcc</subfield></datafield><datafield ind1=" " ind2=" " tag="043"><subfield code="a">n-us-co</subfield></datafield><datafield ind1=" " ind2=" " tag="090"><subfield code="a">F784.D4</subfield><subfield code="b">C45</subfield></datafield><datafield ind1="0" ind2=" " tag="130"><subfield code="a">Chinook (Denver, Colo.)</subfield></datafield><datafield ind1="1" ind2="0" tag="245"><subfield code="a">Chinook.</subfield></datafield><datafield ind1=" " ind2=" " tag="260"><subfield code="a">Denver, Co. :</subfield><subfield code="b">Chinook,</subfield><subfield code="c">1969-1972.</subfield></datafield><datafield ind1=" " ind2=" " tag="300"><subfield code="a">4 v. :</subfield><subfield code="b">ill. ;</subfield><subfield code="c">45 cm.</subfield></datafield><datafield ind1=" " ind2=" " tag="310"><subfield code="a">Weekly</subfield></datafield><datafield ind1="0" ind2=" " tag="362"><subfield code="a">Vol. 1, no. 1 (Aug. 21, 1969)-v. 4, no. 3 (Jan. 21, 1972).</subfield></datafield><datafield ind1=" " ind2=" " tag="500"><subfield code="a">"News of Denver and the world."</subfield></datafield><datafield ind1=" " ind2=" " tag="500"><subfield code="a">"Chinook, an astral project."</subfield></datafield><datafield ind1=" " ind2=" " tag="500"><subfield code="a">Title from cover.</subfield></datafield><datafield ind1=" " ind2=" " tag="500"><subfield code="a">Member Underground Press Syndicate.</subfield></datafield><datafield ind1=" " ind2=" " tag="515"><subfield code="a">Issues for &lt;vol. 2, no. 9 (Mar. 5, 1970)-&gt; also numbered &lt;issue 27&gt;-issue 117.</subfield></datafield><datafield ind1=" " ind2=" " tag="530"><subfield code="a">Available on microfilm from UMI (Underground newspaper/press collection).</subfield></datafield><datafield ind1=" " ind2=" " tag="580"><subfield code="a">Merged with: Boulder magazine, to form: Straight Creek journal.</subfield></datafield><datafield ind1=" " ind2="0" tag="651"><subfield code="a">Denver (Colo.)</subfield><subfield code="v">Newspapers.</subfield></datafield><datafield ind1=" " ind2="0" tag="650"><subfield code="a">Underground press publications</subfield><subfield code="z">Colorado</subfield><subfield code="z">Denver</subfield><subfield code="v">Newspapers.</subfield></datafield><datafield ind1=" " ind2="7" tag="655"><subfield code="a">Newspapers.</subfield><subfield code="2">fast</subfield><subfield code="0">(OCoLC)fst01423814</subfield></datafield><datafield ind1=" " ind2="7" tag="650"><subfield code="a">Underground press publications.</subfield><subfield code="2">fast</subfield><subfield code="0">(OCoLC)fst01160984</subfield></datafield><datafield ind1=" " ind2="7" tag="651"><subfield code="a">Colorado</subfield><subfield code="z">Denver.</subfield><subfield code="2">fast</subfield><subfield code="0">(OCoLC)fst01205192</subfield></datafield><datafield ind1=" " ind2=" " tag="752"><subfield code="a">United States</subfield><subfield code="b">Colorado</subfield><subfield code="c">Denver</subfield><subfield code="d">Denver.</subfield></datafield><datafield ind1="1" ind2="7" tag="785"><subfield code="t">Boulder magazine (Boulder, Colo. : 1972)</subfield></datafield><datafield ind1="1" ind2="7" tag="785"><subfield code="t">Straight creek journal</subfield><subfield code="w">(DLC)sn 90051901</subfield><subfield code="w">(OCoLC)3780475</subfield></datafield><datafield ind1=" " ind2=" " tag="850"><subfield code="a">MiU</subfield></datafield></record>